@misc{bahetiTrainTestValidation2021,
  title = {Train {{Test Validation Split}}: {{How To}} \& {{Best Practices}} [2024]},
  shorttitle = {Train {{Test Validation Split}}},
  author = {Baheti, Pragati},
  year = {2021},
  url = {https://www.v7labs.com/blog/train-validation-test-set},
  urldate = {2025-07-30},
  langid = {english},
  file = {/Users/khali/Zotero/storage/UTQ657ME/train-validation-test-set.html}
}

@incollection{baldiEnglishIndoEuropeanLanguage2008,
  title = {English as an {{Indo}}-{{European Language}}},
  booktitle = {A {{Companion}} to the {{History}} of the {{English Language}}},
  author = {Baldi, Philip},
  editor = {Momma, Haruko and Matto, Michael},
  year = {2008},
  month = jul,
  edition = {1},
  pages = {127--141},
  publisher = {Wiley},
  doi = {10.1002/9781444302851.ch12},
  url = {https://onlinelibrary.wiley.com/doi/10.1002/9781444302851.ch12},
  urldate = {2025-06-06},
  isbn = {978-1-4051-2992-3 978-1-4443-0285-1},
  langid = {english},
  file = {/Users/khali/Zotero/storage/FG6GRZHI/Baldi - 2008 - English as an Indo‚ÄêEuropean Language.pdf}
}

@misc{barclayInvestigatingMarkersDrivers2024a,
  title = {Investigating {{Markers}} and {{Drivers}} of {{Gender Bias}} in {{Machine Translations}}},
  author = {Barclay, Peter J. and Sami, Ashkan},
  year = {2024},
  month = apr,
  number = {arXiv:2403.11896},
  eprint = {2403.11896},
  primaryclass = {cs},
  publisher = {arXiv},
  doi = {10.48550/arXiv.2403.11896},
  url = {http://arxiv.org/abs/2403.11896},
  urldate = {2025-05-21},
  archiveprefix = {arXiv},
  langid = {english},
  keywords = {Computer Science - Computation and Language,Computer Science - Computers and Society,Computer Science - Software Engineering},
  file = {/Users/khali/Zotero/storage/P2DCYJJH/Barclay and Sami - 2024 - Investigating Markers and Drivers of Gender Bias in Machine Translations.pdf}
}

@article{bolukbasiManComputerProgrammer2016,
  title = {Man Is to {{Computer Programmer}} as {{Woman}} Is to {{Homemaker}}? {{Debiasing Word Embeddings}}},
  author = {Bolukbasi, Tolga and Chang, Kai-Wei and Zou, James and Saligrama, Venkatesh and Kalai, Adam},
  year = {2016},
  journal = {NIPS'16: Proceedings of the 30th International Conference on Neural Information Processing Systems},
  url = {https://doi.org/10.48550/arXiv.1607.06520},
  langid = {english},
  file = {/Users/khali/Zotero/storage/35RIHQCX/Bolukbasi et al. - Man is to Computer Programmer as Woman is to Homemaker Debiasing Word Embeddings.pdf}
}

@misc{BreakingBarriersBuilding,
  title = {Breaking {{Barriers}}, {{Building Success}}: {{The Power}} of {{Gender Inclusivity}} in {{Business}}},
  shorttitle = {Breaking {{Barriers}}, {{Building Success}}},
  journal = {UNDP},
  url = {https://www.undp.org/asia-pacific/blog/breaking-barriers-building-success-power-gender-inclusivity-business},
  urldate = {2025-05-28},
  langid = {english}
}

@article{chakravarthiSurveyOrthographicInformation2021,
  title = {A {{Survey}} of {{Orthographic Information}} in {{Machine Translation}}},
  author = {Chakravarthi, Bharathi Raja and Rani, Priya and Arcan, Mihael and McCrae, John P.},
  year = {2021},
  month = jul,
  journal = {SN Computer Science},
  volume = {2},
  number = {4},
  pages = {330},
  issn = {2662-995X, 2661-8907},
  doi = {10.1007/s42979-021-00723-4},
  url = {https://link.springer.com/10.1007/s42979-021-00723-4},
  urldate = {2025-06-27},
  langid = {english},
  file = {/Users/khali/Zotero/storage/5QEDLKY8/Chakravarthi et al. - 2021 - A Survey of Orthographic Information in Machine Translation.pdf}
}

@misc{choMeasuringGenderBias2019,
  title = {On {{Measuring Gender Bias}} in {{Translation}} of {{Gender-neutral Pronouns}}},
  author = {Cho, Won Ik and Kim, Ji Won and Kim, Seok Min and Kim, Nam Soo},
  year = {2019},
  number = {arXiv:1905.11684},
  eprint = {1905.11684},
  primaryclass = {cs},
  publisher = {arXiv},
  doi = {10.48550/arXiv.1905.11684},
  url = {http://arxiv.org/abs/1905.11684},
  urldate = {2025-04-21},
  archiveprefix = {arXiv},
  langid = {english},
  keywords = {Computer Science - Computation and Language},
  file = {/Users/khali/Zotero/storage/EPSS6DEE/Cho et al. - 2019 - On Measuring Gender Bias in Translation of Gender-neutral Pronouns.pdf}
}

@article{curreyMTGenEvalCounterfactualContextual2022,
  title = {{{MT-GenEval}}: {{A Counterfactual}} and {{Contextual Dataset}} for {{Evaluating Gender Accuracy}} in {{Machine Translation}}},
  author = {Currey, Anna and Na, Maria and Lauly, Stanislas and Niu, Xing and Hsu, Benjamin and Dinu, Georgiana},
  year = {2022},
  journal = {Association for Computational Linguistics},
  number = {Proceedings of the 2022 Conference on Empirical Methods in Natural Language Processing},
  pages = {4287--4299},
  doi = {10.18653/v1/2022.emnlp-main.288},
  url = {https://aclanthology.org/2022.emnlp-main.288/},
  langid = {english},
  file = {/Users/khali/Zotero/storage/DYWPD9BC/Currey et al. - MT-GenEval A Counterfactual and Contextual Dataset for Evaluating Gender Accuracy in Machine Transl.pdf}
}

@misc{deeplHowDoesDeepL2021,
  title = {How Does {{DeepL}} Work?},
  author = {{DeepL}},
  year = {2021},
  month = nov,
  url = {https://www.deepl.com/en/blog/how-does-deepl-work},
  urldate = {2025-06-27},
  langid = {english},
  file = {/Users/khali/Zotero/storage/UU5DFDDN/how-does-deepl-work.html}
}

@misc{devlinBERTPretrainingDeep2019,
  title = {{{BERT}}: {{Pre-training}} of {{Deep Bidirectional Transformers}} for {{Language Understanding}}},
  shorttitle = {{{BERT}}},
  author = {Devlin, Jacob and Chang, Ming-Wei and Lee, Kenton and Toutanova, Kristina},
  year = {2019},
  number = {arXiv:1810.04805},
  eprint = {1810.04805},
  primaryclass = {cs},
  publisher = {arXiv},
  doi = {10.48550/arXiv.1810.04805},
  url = {http://arxiv.org/abs/1810.04805},
  urldate = {2025-04-09},
  archiveprefix = {arXiv},
  langid = {english},
  keywords = {Computer Science - Computation and Language},
  file = {/Users/khali/Zotero/storage/BIXCSRQ4/Devlin et al. - 2019 - BERT Pre-training of Deep Bidirectional Transformers for Language Understanding.pdf}
}

@misc{devlinMultilingualBERTGitHub2018,
  title = {Multilingual {{BERT GitHub Readme}}},
  author = {Devlin, Jacob},
  year = {2018},
  journal = {GitHub},
  url = {https://github.com/google-research/bert/blob/a9ba4b8d7704c1ae18d1b28c56c0430d41407eb1/multilingual.md},
  urldate = {2025-07-25},
  langid = {english},
  file = {/Users/khali/Zotero/storage/F6D63UZ9/multilingual.html}
}

@misc{Goal5Department,
  title = {Goal 5 {\textbar} {{Department}} of {{Economic}} and {{Social Affairs}}},
  url = {https://sdgs.un.org/goals/goal5},
  urldate = {2025-05-28},
  file = {/Users/khali/Zotero/storage/NK6ZZK3U/undefined}
}

@article{godsilEffectsGenderRoles2016,
  title = {The {{Effects}} of {{Gender Roles}}, {{Implicit Bias}}, and {{Stereotype Threat}} on the {{Lives}} of {{Women}} and {{Girls}}},
  author = {Godsil, Rachel D. and Tropp, Linda R. and Goff, Phillip Atiba and Powell, John A. and MacFarlane, Jessica},
  year = {2016},
  journal = {THE SCIENCE OF EQUALITY},
  volume = {2},
  number = {Perception Institute},
  url = {https://equity.ucla.edu/wp-content/uploads/2016/11/Science-of-Equality-Volume-2.pdf},
  langid = {english},
  file = {/Users/khali/Zotero/storage/YDMUSE26/Johnson et al. - PERCEPTION INSTITUTE.pdf}
}

@misc{GooglebertBertbasemultilingualcasedHugging2024,
  title = {Google-Bert/Bert-Base-Multilingual-Cased {$\cdot$} {{Hugging Face}}},
  year = {2024},
  month = mar,
  url = {https://huggingface.co/google-bert/bert-base-multilingual-cased},
  urldate = {2025-07-14},
  file = {/Users/khali/Zotero/storage/XKKRDAE7/bert-base-multilingual-cased.html}
}

@misc{googlegeminiLardelliDatasetPrompting2025,
  title = {Lardelli {{Dataset Prompting}}},
  author = {{Google Gemini}},
  year = {2025},
  month = jul,
  url = {https://gemini.google.com/app/497bb40550015b8e},
  urldate = {2025-07-15},
  file = {/Users/khali/Zotero/storage/X7EYC8IJ/497bb40550015b8e.html}
}

@misc{googleReducingGenderBias2018,
  title = {Reducing Gender Bias in {{Google Translate}}},
  author = {{Google}},
  year = {2018},
  month = dec,
  journal = {Google},
  url = {https://blog.google/products/translate/reducing-gender-bias-google-translate/},
  urldate = {2025-06-05},
  langid = {american},
  file = {/Users/khali/Zotero/storage/VAP3FIZB/reducing-gender-bias-google-translate.html}
}

@misc{GoogleTranslateNow,
  title = {Google {{Translate}} Now Serves 200 Million People Daily},
  journal = {CNET},
  url = {https://www.cnet.com/tech/services-and-software/google-translate-now-serves-200-million-people-daily/},
  urldate = {2025-05-23},
  langid = {english},
  file = {/Users/khali/Zotero/storage/ZDM29EUJ/google-translate-now-serves-200-million-people-daily.html}
}

@article{gurgurovMultilingualLargeLanguage2024,
  title = {Multilingual {{Large Language Models}} and {{Curse}} of {{Multilinguality}}},
  author = {Gurgurov, Daniil and B{\"a}umel, Tanja and Anikina, Tatiana},
  year = {2024},
  eprint = {2406.10602},
  primaryclass = {cs},
  doi = {10.48550/arXiv.2406.10602},
  url = {http://arxiv.org/abs/2406.10602},
  urldate = {2025-07-27},
  archiveprefix = {arXiv},
  keywords = {Computer Science - Computation and Language,Computer Science - Computers and Society},
  file = {/Users/khali/Zotero/storage/YZ8NBAH5/Gurgurov et al. - 2024 - Multilingual Large Language Models and Curse of Multilinguality.pdf;/Users/khali/Zotero/storage/J5F9RA2A/2406.html}
}

@misc{kapplAreAllSpanish2025,
  title = {Are {{All Spanish Doctors Male}}? {{Evaluating Gender Bias}} in {{German Machine Translation}}},
  shorttitle = {Are {{All Spanish Doctors Male}}?},
  author = {Kappl, Michelle},
  year = {2025},
  number = {arXiv:2502.19104},
  eprint = {2502.19104},
  primaryclass = {cs},
  publisher = {arXiv},
  doi = {10.48550/arXiv.2502.19104},
  url = {http://arxiv.org/abs/2502.19104},
  urldate = {2025-04-10},
  archiveprefix = {arXiv},
  langid = {english},
  keywords = {Computer Science - Computation and Language},
  file = {/Users/khali/Zotero/storage/X53BVETT/Kappl - 2025 - Are All Spanish Doctors Male Evaluating Gender Bias in German Machine Translation.pdf}
}

@article{kroeberItsLongWay2022,
  title = {It's a {{Long Way}} to the {{Top}}: {{Women}}'s {{Ministerial Career Paths}}},
  shorttitle = {It's a {{Long Way}} to the {{Top}}},
  author = {Kroeber, Corinna and H{\"u}ffelmann, Joanna},
  year = {2022},
  month = sep,
  journal = {Politics \& Gender},
  volume = {18},
  number = {3},
  pages = {741--767},
  issn = {1743-923X, 1743-9248},
  doi = {10.1017/S1743923X21000118},
  url = {https://www.cambridge.org/core/product/identifier/S1743923X21000118/type/journal_article},
  urldate = {2025-08-06},
  copyright = {http://creativecommons.org/licenses/by/4.0/},
  langid = {english},
  file = {/Users/khali/Zotero/storage/IN4XBSCG/Kroeber and H√ºffelmann - 2022 - It's a Long Way to the Top Women's Ministerial Career Paths.pdf}
}

@inproceedings{lardelliBuildingBridgesDataset2024,
  title = {Building {{Bridges}}: {{A Dataset}} for {{Evaluating Gender-Fair Machine Translation}} into {{German}}},
  shorttitle = {Building {{Bridges}}},
  booktitle = {Findings of the {{Association}} for {{Computational Linguistics ACL}} 2024},
  author = {Lardelli, Manuel and Attanasio, Giuseppe and Lauscher, Anne},
  year = {2024},
  pages = {7542--7550},
  publisher = {Association for Computational Linguistics},
  address = {Bangkok, Thailand and virtual meeting},
  doi = {10.18653/v1/2024.findings-acl.448},
  url = {https://aclanthology.org/2024.findings-acl.448},
  urldate = {2025-04-06},
  langid = {english},
  file = {/Users/khali/Zotero/storage/BT3GSQC7/Lardelli et al. - 2024 - Building Bridges A Dataset for Evaluating Gender-Fair Machine Translation into German.pdf}
}

@inproceedings{lauscherZeroHeroLimitations2020,
  title = {From {{Zero}} to {{Hero}}: {{On}} the {{Limitations}} of {{Zero-Shot Language Transfer}} with {{Multilingual Transformers}}},
  shorttitle = {From {{Zero}} to {{Hero}}},
  booktitle = {Proceedings of the 2020 {{Conference}} on {{Empirical Methods}} in {{Natural Language Processing}} ({{EMNLP}})},
  author = {Lauscher, Anne and Ravishankar, Vinit and Vuli{\'c}, Ivan and Glava{\v s}, Goran},
  editor = {Webber, Bonnie and Cohn, Trevor and He, Yulan and Liu, Yang},
  year = {2020},
  month = nov,
  pages = {4483--4499},
  publisher = {Association for Computational Linguistics},
  address = {Online},
  doi = {10.18653/v1/2020.emnlp-main.363},
  url = {https://aclanthology.org/2020.emnlp-main.363/},
  urldate = {2025-07-27},
  file = {/Users/khali/Zotero/storage/EE45HWN2/Lauscher et al. - 2020 - From Zero to Hero On the Limitations of Zero-Shot Language Transfer with Multilingual Transformers.pdf}
}

@misc{libovickyHowLanguageNeutralMultilingual2019,
  title = {How {{Language-Neutral}} Is {{Multilingual BERT}}?},
  author = {Libovick{\'y}, Jind{\v r}ich and Rosa, Rudolf and Fraser, Alexander},
  year = {2019},
  month = nov,
  number = {arXiv:1911.03310},
  eprint = {1911.03310},
  primaryclass = {cs},
  publisher = {arXiv},
  doi = {10.48550/arXiv.1911.03310},
  url = {http://arxiv.org/abs/1911.03310},
  urldate = {2025-07-14},
  archiveprefix = {arXiv},
  keywords = {Computer Science - Computation and Language},
  file = {/Users/khali/Zotero/storage/4HJY9NGF/Libovick√Ω et al. - 2019 - How Language-Neutral is Multilingual BERT.pdf;/Users/khali/Zotero/storage/XWKSB967/1911.html}
}

@article{linMachineTranslationAcademic2009,
  title = {Machine {{Translation}} for {{Academic Purposes}}},
  author = {Lin, Grace Hui-chin and Chien, Paul Shih Chieh},
  year = {2009},
  journal = {Proceedings of the International Conference on TESOL and Translation 2009},
  pages = {pp.133-148},
  langid = {english},
  file = {/Users/khali/Zotero/storage/2H7RUWAZ/Lin and Chien - Machine Translation for Academic Purposes.pdf}
}

@inproceedings{lucyGenderRepresentationBias2021,
  title = {Gender and {{Representation Bias}} in {{GPT-3 Generated Stories}}},
  booktitle = {Proceedings of the {{Third Workshop}} on {{Narrative Understanding}}},
  author = {Lucy, Li and Bamman, David},
  editor = {Akoury, Nader and Brahman, Faeze and Chaturvedi, Snigdha and Clark, Elizabeth and Iyyer, Mohit and Martin, Lara J.},
  year = {2021},
  month = jun,
  pages = {48--55},
  publisher = {Association for Computational Linguistics},
  address = {Virtual},
  doi = {10.18653/v1/2021.nuse-1.5},
  url = {https://aclanthology.org/2021.nuse-1.5/},
  urldate = {2025-05-23},
  file = {/Users/khali/Zotero/storage/MJTNUQ85/Lucy and Bamman - 2021 - Gender and Representation Bias in GPT-3 Generated Stories.pdf}
}

@misc{mosbachStabilityFinetuningBERT2021,
  title = {On the {{Stability}} of {{Fine-tuning BERT}}: {{Misconceptions}}, {{Explanations}}, and {{Strong Baselines}}},
  shorttitle = {On the {{Stability}} of {{Fine-tuning BERT}}},
  author = {Mosbach, Marius and Andriushchenko, Maksym and Klakow, Dietrich},
  year = {2021},
  month = mar,
  number = {arXiv:2006.04884},
  eprint = {2006.04884},
  primaryclass = {cs},
  publisher = {arXiv},
  doi = {10.48550/arXiv.2006.04884},
  url = {http://arxiv.org/abs/2006.04884},
  urldate = {2025-07-14},
  archiveprefix = {arXiv},
  keywords = {Computer Science - Machine Learning,Statistics - Machine Learning},
  file = {/Users/khali/Zotero/storage/WD9MIC2T/Mosbach et al. - 2021 - On the Stability of Fine-tuning BERT Misconceptions, Explanations, and Strong Baselines.pdf;/Users/khali/Zotero/storage/BXLL4ZVI/2006.html}
}

@misc{nadipalliLayerWiseEvolutionRepresentations2025,
  title = {Layer-{{Wise Evolution}} of {{Representations}} in {{Fine-Tuned Transformers}}: {{Insights}} from {{Sparse AutoEncoders}}},
  shorttitle = {Layer-{{Wise Evolution}} of {{Representations}} in {{Fine-Tuned Transformers}}},
  author = {Nadipalli, Suneel},
  year = {2025},
  month = feb,
  number = {arXiv:2502.16722},
  eprint = {2502.16722},
  primaryclass = {cs},
  publisher = {arXiv},
  doi = {10.48550/arXiv.2502.16722},
  url = {http://arxiv.org/abs/2502.16722},
  urldate = {2025-07-20},
  archiveprefix = {arXiv},
  keywords = {Computer Science - Artificial Intelligence,Computer Science - Computation and Language},
  file = {/Users/khali/Zotero/storage/HY75N5R6/Nadipalli - 2025 - Layer-Wise Evolution of Representations in Fine-Tuned Transformers Insights from Sparse AutoEncoder.pdf;/Users/khali/Zotero/storage/8MFBAP3L/2502.html}
}

@article{opitzCloserLookClassification2024,
  title = {A {{Closer Look}} at {{Classification Evaluation Metrics}} and a {{Critical Reflection}} of {{Common Evaluation Practice}}},
  author = {Opitz, Juri},
  year = {2024},
  month = jun,
  journal = {Transactions of the Association for Computational Linguistics},
  volume = {12},
  pages = {820--836},
  issn = {2307-387X},
  doi = {10.1162/tacl_a_00675},
  url = {https://doi.org/10.1162/tacl_a_00675},
  urldate = {2025-07-27},
  file = {/Users/khali/Zotero/storage/AV4JHU3R/Opitz - 2024 - A Closer Look at Classification Evaluation Metrics and a Critical Reflection of Common Evaluation Pr.pdf;/Users/khali/Zotero/storage/4TDD2UAS/tacl_a_00675.html}
}

@inproceedings{papineniBLEUMethodAutomatic2001,
  title = {{{BLEU}}: A Method for Automatic Evaluation of Machine Translation},
  shorttitle = {{{BLEU}}},
  booktitle = {Proceedings of the 40th {{Annual Meeting}} on {{Association}} for {{Computational Linguistics}}  - {{ACL}} '02},
  author = {Papineni, Kishore and Roukos, Salim and Ward, Todd and Zhu, Wei-Jing},
  year = {2001},
  pages = {311},
  publisher = {Association for Computational Linguistics},
  address = {Philadelphia, Pennsylvania},
  doi = {10.3115/1073083.1073135},
  url = {http://portal.acm.org/citation.cfm?doid=1073083.1073135},
  urldate = {2025-02-27},
  langid = {english},
  file = {/Users/khali/Zotero/storage/S6EE3KSL/Papineni et al. - 2001 - BLEU a method for automatic evaluation of machine translation.pdf}
}

@misc{pecherComparingSpecialisedSmall2024,
  title = {Comparing {{Specialised Small}} and {{General Large Language Models}} on {{Text Classification}}: 100 {{Labelled Samples}} to {{Achieve Break-Even Performance}}},
  shorttitle = {Comparing {{Specialised Small}} and {{General Large Language Models}} on {{Text Classification}}},
  author = {Pecher, Branislav and Srba, Ivan and Bielikova, Maria},
  year = {2024},
  month = apr,
  number = {arXiv:2402.12819},
  eprint = {2402.12819},
  primaryclass = {cs},
  publisher = {arXiv},
  doi = {10.48550/arXiv.2402.12819},
  url = {http://arxiv.org/abs/2402.12819},
  urldate = {2025-04-27},
  archiveprefix = {arXiv},
  langid = {english},
  keywords = {Computer Science - Artificial Intelligence,Computer Science - Computation and Language,Computer Science - Machine Learning},
  file = {/Users/khali/Zotero/storage/JUV3TPBQ/Pecher et al. - 2024 - Comparing Specialised Small and General Large Language Models on Text Classification 100 Labelled S.pdf}
}

@misc{phuongFormalAlgorithmsTransformers2022,
  title = {Formal {{Algorithms}} for {{Transformers}}},
  author = {Phuong, Mary and Hutter, Marcus},
  year = {2022},
  month = jul,
  number = {arXiv:2207.09238},
  eprint = {2207.09238},
  primaryclass = {cs},
  publisher = {arXiv},
  doi = {10.48550/arXiv.2207.09238},
  url = {http://arxiv.org/abs/2207.09238},
  urldate = {2025-07-04},
  archiveprefix = {arXiv},
  keywords = {Computer Science - Artificial Intelligence,Computer Science - Computation and Language,Computer Science - Machine Learning,Computer Science - Neural and Evolutionary Computing},
  file = {/Users/khali/Zotero/storage/USRGCVXR/Phuong and Hutter - 2022 - Formal Algorithms for Transformers.pdf;/Users/khali/Zotero/storage/KI9QGYBP/2207.html}
}

@misc{piresHowMultilingualMultilingual2019,
  title = {How Multilingual Is {{Multilingual BERT}}?},
  author = {Pires, Telmo and Schlinger, Eva and Garrette, Dan},
  year = {2019},
  month = jun,
  number = {arXiv:1906.01502},
  eprint = {1906.01502},
  primaryclass = {cs},
  publisher = {arXiv},
  doi = {10.48550/arXiv.1906.01502},
  url = {http://arxiv.org/abs/1906.01502},
  urldate = {2025-07-14},
  archiveprefix = {arXiv},
  keywords = {Computer Science - Artificial Intelligence,Computer Science - Computation and Language,Computer Science - Machine Learning},
  file = {/Users/khali/Zotero/storage/LKTEIRJW/Pires et al. - 2019 - How multilingual is Multilingual BERT.pdf;/Users/khali/Zotero/storage/42IS2T8R/1906.html}
}

@misc{pratesAssessingGenderBias2019,
  title = {Assessing {{Gender Bias}} in {{Machine Translation}} -- {{A Case Study}} with {{Google Translate}}},
  author = {Prates, Marcelo O. R. and Avelar, Pedro H. C. and Lamb, Luis},
  year = {2019},
  number = {arXiv:1809.02208},
  eprint = {1809.02208},
  primaryclass = {cs},
  publisher = {arXiv},
  doi = {10.48550/arXiv.1809.02208},
  url = {http://arxiv.org/abs/1809.02208},
  urldate = {2025-04-03},
  archiveprefix = {arXiv},
  langid = {english},
  keywords = {Computer Science - Computation and Language,Computer Science - Computers and Society},
  file = {/Users/khali/Zotero/storage/5CDI4C3V/Prates et al. - 2019 - Assessing Gender Bias in Machine Translation -- A Case Study with Google Translate.pdf}
}

@misc{quemyBinaryClassificationUnstructured2019,
  title = {Binary {{Classification}} in {{Unstructured Space With Hypergraph Case-Based Reasoning}}},
  author = {Quemy, Alexandre},
  year = {2019},
  month = mar,
  number = {arXiv:1806.06232},
  eprint = {1806.06232},
  primaryclass = {cs},
  publisher = {arXiv},
  doi = {10.48550/arXiv.1806.06232},
  url = {http://arxiv.org/abs/1806.06232},
  urldate = {2025-07-04},
  archiveprefix = {arXiv},
  keywords = {Computer Science - Artificial Intelligence,Computer Science - Machine Learning,Statistics - Machine Learning},
  file = {/Users/khali/Zotero/storage/E3TAI2MT/Quemy - 2019 - Binary Classification in Unstructured Space With Hypergraph Case-Based Reasoning.pdf;/Users/khali/Zotero/storage/6FUMQPMA/1806.html}
}

@article{rainioEvaluationMetricsStatistical2024,
  title = {Evaluation Metrics and Statistical Tests for Machine Learning},
  author = {Rainio, Oona and Teuho, Jarmo and Kl{\'e}n, Riku},
  year = {2024},
  month = mar,
  journal = {Scientific Reports},
  volume = {14},
  number = {1},
  publisher = {{Springer Science and Business Media LLC}},
  issn = {2045-2322},
  doi = {10.1038/s41598-024-56706-x},
  url = {https://www.nature.com/articles/s41598-024-56706-x},
  urldate = {2025-07-20},
  copyright = {https://creativecommons.org/licenses/by/4.0},
  langid = {english},
  file = {/Users/khali/Zotero/storage/2VJIRRY6/Rainio et al. - 2024 - Evaluation metrics and statistical tests for machine learning.pdf}
}

@inproceedings{rescignoGenderBiasMachine2023,
  title = {Gender {{Bias}} in {{Machine Translation}}: A Statistical Evaluation of {{Google Translate}} and {{DeepL}} for {{English}}, {{Italian}} and {{German}}},
  shorttitle = {Gender {{Bias}} in {{Machine Translation}}},
  booktitle = {Proceedings of the {{International Conference}} on {{Human-informed Translation}} and {{Interpreting Technology}} 2023},
  author = {Rescigno, Argentina Anna and Monti, Johanna},
  year = {2023},
  pages = {1--11},
  publisher = {INCOMA Ltd., Shoumen, Bulgaria},
  address = {UNIOR NLP Research Group, University of Naples "L'Orientale", Naples, Italy},
  doi = {10.26615/issn.2683-0078.2023_001},
  url = {https://acl-bg.org/proceedings/2023/HiT-IT%202023/pdf/2023.hitit2023-1.1.pdf},
  urldate = {2025-02-27},
  langid = {english},
  file = {/Users/khali/Zotero/storage/KRUC85NJ/UNIOR NLP Research Group, University of Naples  et al. - 2023 - Gender Bias in Machine Translation a statistical evaluation of Google Translate and DeepL for Engli.pdf}
}

@article{savoldiDecadeGenderBias2025,
  title = {A Decade of Gender Bias in Machine Translation},
  author = {Savoldi, Beatrice and Bastings, Jasmijn and Bentivogli, Luisa and Vanmassenhove, Eva},
  year = {2025},
  month = may,
  journal = {Patterns},
  pages = {101257},
  issn = {26663899},
  doi = {10.1016/j.patter.2025.101257},
  url = {https://linkinghub.elsevier.com/retrieve/pii/S2666389925001059},
  urldate = {2025-06-06},
  langid = {english},
  file = {/Users/khali/Zotero/storage/IGP8BJEB/Savoldi et al. - 2025 - A decade of gender bias in machine translation.pdf}
}

@misc{savoldiMGeNTEMultilingualResource2025,
  title = {{{mGeNTE}}: {{A Multilingual Resource}} for {{Gender-Neutral Language}} and {{Translation}}},
  shorttitle = {{{mGeNTE}}},
  author = {Savoldi, Beatrice and Cupin, Eleonora and Thind, Manjinder and Lauscher, Anne and Piergentili, Andrea and Negri, Matteo and Bentivogli, Luisa},
  year = {2025},
  number = {arXiv:2501.09409},
  eprint = {2501.09409},
  primaryclass = {cs},
  publisher = {arXiv},
  doi = {10.48550/arXiv.2501.09409},
  url = {http://arxiv.org/abs/2501.09409},
  urldate = {2025-04-08},
  archiveprefix = {arXiv},
  langid = {english},
  keywords = {Computer Science - Computation and Language},
  file = {/Users/khali/Zotero/storage/GHVZT88E/Savoldi et al. - 2025 - mGeNTE A Multilingual Resource for Gender-Neutral Language and Translation.pdf}
}

@misc{savoldiTestSuitesTask2023,
  title = {Test {{Suites Task}}: {{Evaluation}} of {{Gender Fairness}} in {{MT}} with {{MuST-SHE}} and {{INES}}},
  shorttitle = {Test {{Suites Task}}},
  author = {Savoldi, Beatrice and Gaido, Marco and Negri, Matteo and Bentivogli, Luisa},
  year = {2023},
  month = oct,
  number = {arXiv:2310.19345},
  eprint = {2310.19345},
  primaryclass = {cs},
  publisher = {arXiv},
  doi = {10.48550/arXiv.2310.19345},
  url = {http://arxiv.org/abs/2310.19345},
  urldate = {2025-06-06},
  archiveprefix = {arXiv},
  keywords = {Computer Science - Computation and Language},
  file = {/Users/khali/Zotero/storage/M8Z3CVCS/Savoldi et al. - 2023 - Test Suites Task Evaluation of Gender Fairness in MT with MuST-SHE and INES.pdf;/Users/khali/Zotero/storage/VCQ7ERVD/2310.html}
}

@inproceedings{savoldiWhatHarmQuantifying2024,
  title = {What the {{Harm}}? {{Quantifying}} the {{Tangible Impact}} of {{Gender Bias}} in {{Machine Translation}} with a {{Human-centered Study}}},
  shorttitle = {What the {{Harm}}?},
  booktitle = {Proceedings of the 2024 {{Conference}} on {{Empirical Methods}} in {{Natural Language Processing}}},
  author = {Savoldi, Beatrice and Papi, Sara and Negri, Matteo and {Guerberof-Arenas}, Ana and Bentivogli, Luisa},
  year = {2024},
  pages = {18048--18076},
  publisher = {Association for Computational Linguistics},
  address = {Miami, Florida, USA},
  doi = {10.18653/v1/2024.emnlp-main.1002},
  url = {https://aclanthology.org/2024.emnlp-main.1002},
  urldate = {2025-04-06},
  langid = {english},
  file = {/Users/khali/Zotero/storage/VIZLY5NZ/Savoldi et al. - 2024 - What the Harm Quantifying the Tangible Impact of Gender Bias in Machine Translation with a Human-ce.pdf}
}

@article{schiebingerScientificResearchMust2014,
  title = {Scientific Research Must Take Gender into Account},
  author = {Schiebinger, Londa},
  year = {2014},
  month = mar,
  journal = {Nature},
  volume = {507},
  number = {7490},
  pages = {9--9},
  publisher = {Nature Publishing Group},
  issn = {1476-4687},
  doi = {10.1038/507009a},
  url = {https://www.nature.com/articles/507009a},
  urldate = {2025-06-06},
  copyright = {2014 Springer Nature Limited},
  langid = {english},
  keywords = {Ethics,Research management},
  file = {/Users/khali/Zotero/storage/3KYNRP4V/Schiebinger - 2014 - Scientific research must take gender into account.pdf}
}

@misc{schmitzGermanAllProfessors2022,
  title = {In {{German}}, All Professors Are Male},
  author = {Schmitz, Dominic},
  year = {2022},
  month = aug,
  publisher = {PsyArXiv},
  doi = {10.31234/osf.io/yjuhc},
  url = {https://osf.io/yjuhc},
  urldate = {2025-06-06},
  copyright = {https://creativecommons.org/licenses/by/4.0/legalcode},
  langid = {english},
  file = {/Users/khali/Zotero/storage/GMSN5TLT/Schmitz - 2022 - In German, all professors are male.pdf}
}

@article{schryenWritingQualitativeLiterature2015,
  title = {Writing {{Qualitative IS Literature Reviews}}---{{Guidelines}} for {{Synthesis}}, {{Interpretation}}, and {{Guidance}} of {{Research}}},
  author = {Schryen, Guido},
  year = {2015},
  journal = {Communications of the Association for Information Systems},
  volume = {37},
  issn = {15293181},
  doi = {10.17705/1CAIS.03712},
  url = {https://aisel.aisnet.org/cais/vol37/iss1/12/},
  urldate = {2025-05-09},
  langid = {english},
  file = {/Users/khali/Zotero/storage/JNZJRFZE/Schryen - 2015 - Writing Qualitative IS Literature Reviews‚ÄîGuidelines for Synthesis, Interpretation, and Guidance of.pdf}
}

@article{schwemmerDiagnosingGenderBias2020,
  title = {Diagnosing {{Gender Bias}} in {{Image Recognition Systems}}},
  author = {Schwemmer, Carsten and Knight, Carly and {Bello-Pardo}, Emily D. and Oklobdzija, Stan and Schoonvelde, Martijn and Lockhart, Jeffrey W.},
  year = {2020},
  month = jan,
  journal = {Socius},
  volume = {6},
  pages = {2378023120967171},
  publisher = {SAGE Publications},
  issn = {2378-0231},
  doi = {10.1177/2378023120967171},
  url = {https://doi.org/10.1177/2378023120967171},
  urldate = {2025-05-28},
  langid = {english},
  file = {/Users/khali/Zotero/storage/8Y9SFYN6/Schwemmer et al. - 2020 - Diagnosing Gender Bias in Image Recognition Systems.pdf}
}

@article{sczesnyCanGenderFairLanguage2016,
  title = {Can {{Gender-Fair Language Reduce Gender Stereotyping}} and {{Discrimination}}?},
  author = {Sczesny, Sabine and Formanowicz, Magda and Moser, Franziska},
  year = {2016},
  journal = {Frontiers in Psychology},
  volume = {7},
  issn = {1664-1078},
  doi = {10.3389/fpsyg.2016.00025},
  url = {http://journal.frontiersin.org/Article/10.3389/fpsyg.2016.00025/abstract},
  urldate = {2025-05-16},
  langid = {english},
  file = {/Users/khali/Zotero/storage/69MY5UWT/Sczesny et al. - 2016 - Can Gender-Fair Language Reduce Gender Stereotyping and Discrimination.pdf}
}

@inproceedings{shahPredictiveBiasesNatural2020,
  title = {Predictive {{Biases}} in {{Natural Language Processing Models}}: {{A Conceptual Framework}} and {{Overview}}},
  shorttitle = {Predictive {{Biases}} in {{Natural Language Processing Models}}},
  booktitle = {Proceedings of the 58th {{Annual Meeting}} of the {{Association}} for {{Computational Linguistics}}},
  author = {Shah, Deven and Schwartz, H. Andrew and Hovy, Dirk},
  year = {2020},
  eprint = {1912.11078},
  primaryclass = {cs},
  pages = {5248--5264},
  doi = {10.18653/v1/2020.acl-main.468},
  url = {http://arxiv.org/abs/1912.11078},
  urldate = {2025-06-13},
  archiveprefix = {arXiv},
  keywords = {Computer Science - Artificial Intelligence,Computer Science - Computation and Language,Computer Science - Machine Learning},
  file = {/Users/khali/Zotero/storage/Z8YS2R86/Shah et al. - 2020 - Predictive Biases in Natural Language Processing Models A Conceptual Framework and Overview.pdf;/Users/khali/Zotero/storage/XEYMFDIX/1912.html}
}

@article{shresthaExploringGenderBiases2022,
  title = {Exploring Gender Biases in {{ML}} and {{AI}} Academic Research through Systematic Literature Review},
  author = {Shrestha, Sunny and Das, Sanchari},
  year = {2022},
  journal = {Frontiers in Artificial Intelligence},
  volume = {5},
  pages = {976838},
  issn = {2624-8212},
  doi = {10.3389/frai.2022.976838},
  url = {https://www.frontiersin.org/articles/10.3389/frai.2022.976838/full},
  urldate = {2025-04-06},
  langid = {english},
  file = {/Users/khali/Zotero/storage/WRGK82UA/Shrestha and Das - 2022 - Exploring gender biases in ML and AI academic research through systematic literature review.pdf}
}

@article{sichlerGenderDifferencesGermanlanguage2014,
  title = {Gender Differences within the {{German-language Wikipedia}}},
  author = {Sichler, Almut and Prommer, Elizabeth},
  year = {2014},
  journal = {ESSACHESS - Journal for Communication Studies},
  volume = {7},
  number = {2},
  pages = {77--93},
  issn = {1775-352X},
  langid = {english},
  keywords = {communication behavior,gender relations,gender-specific factors,Geschlechterverhaltnis,geschlechtsspezifische Faktoren,internet community,Kommunikationsverhalten,Netzgemeinschaft,web 2.0,Web 2.0,Wikipedia}
}

@misc{skyquestMachineTranslationMT2025,
  title = {Machine {{Translation}} ({{MT}}) {{Market Size}}, {{Growth}} \& {{Trends Report}} {\textbar} 2032},
  author = {SkyQuest},
  year = {2025},
  url = {https://www.skyquestt.com/report/machine-translation-market},
  urldate = {2025-05-23},
  langid = {english},
  file = {/Users/khali/Zotero/storage/K5CTD5KM/machine-translation-market.html}
}

@incollection{smacchiaDoesAIReflect2024,
  title = {Does {{AI Reflect Human Behaviour}}? {{Exploring}} the {{Presence}} of {{Gender Bias}} in {{AI Translation Tools}}},
  shorttitle = {Does {{AI Reflect Human Behaviour}}?},
  booktitle = {Digital ({{Eco}}) {{Systems}} and {{Societal Challenges}}},
  author = {Smacchia, Marco and Za, Stefano and Arenas, Alvaro},
  editor = {Braccini, Alessio Maria and Ricciardi, Francesca and Virili, Francesco},
  year = {2024},
  volume = {72},
  pages = {355--373},
  publisher = {Springer Nature Switzerland},
  address = {Cham},
  doi = {10.1007/978-3-031-75586-6_19},
  url = {https://link.springer.com/10.1007/978-3-031-75586-6_19},
  urldate = {2025-02-27},
  isbn = {978-3-031-75585-9 978-3-031-75586-6},
  langid = {english},
  file = {/Users/khali/Zotero/storage/DQXYL28J/Smacchia et al. - 2024 - Does AI Reflect Human Behaviour Exploring the Presence of Gender Bias in AI Translation Tools.pdf}
}

@misc{smithCompleteGuideBERT2024,
  title = {A {{Complete Guide}} to {{BERT}} with {{Code}}},
  author = {Smith, Bradney},
  year = {2024},
  month = may,
  journal = {Towards Data Science},
  url = {https://towardsdatascience.com/a-complete-guide-to-bert-with-code-9f87602e4a11/},
  urldate = {2025-07-11},
  langid = {american},
  file = {/Users/khali/Zotero/storage/VKGXS94T/a-complete-guide-to-bert-with-code-9f87602e4a11.html}
}

@inproceedings{sorrentiSelectiveFreezingEfficient2023,
  title = {Selective {{Freezing}} for {{Efficient Continual Learning}}},
  booktitle = {2023 {{IEEE}}/{{CVF International Conference}} on {{Computer Vision Workshops}} ({{ICCVW}})},
  author = {Sorrenti, Amelia and Bellitto, Giovanni and Salanitri, Federica Proietto and Pennisi, Matteo and Spampinato, Concetto and Palazzo, Simone},
  year = {2023},
  month = oct,
  pages = {3542--3551},
  publisher = {IEEE},
  address = {Paris, France},
  doi = {10.1109/iccvw60793.2023.00381},
  url = {https://ieeexplore.ieee.org/document/10350394/},
  urldate = {2025-07-27},
  copyright = {https://doi.org/10.15223/policy-029},
  langid = {english},
  file = {/Users/khali/Zotero/storage/LNHKJBXA/Sorrenti et al. - 2023 - Selective Freezing for Efficient Continual Learning.pdf}
}

@article{soundararajanInvestigatingGenderBias2024,
  title = {Investigating {{Gender Bias}} in {{Large Language Models Through Text Generation}}},
  author = {Soundararajan, Shweta and Delany, Sarah Jane},
  year = {2024},
  journal = {Association for Computational Linguistics},
  volume = {Proceedings of the 7th International Conference on Natural Language and Speech Processing (ICNLSP 2024)},
  pages = {410--424},
  langid = {english},
  file = {/Users/khali/Zotero/storage/7IN955FN/Soundararajan and Delany - Investigating Gender Bias in Large Language Models Through Text Generation.pdf}
}

@misc{stanczakSurveyGenderBias2021,
  title = {A {{Survey}} on {{Gender Bias}} in {{Natural Language Processing}}},
  author = {Stanczak, Karolina and Augenstein, Isabelle},
  year = {2021},
  month = dec,
  number = {arXiv:2112.14168},
  eprint = {2112.14168},
  primaryclass = {cs},
  publisher = {arXiv},
  doi = {10.48550/arXiv.2112.14168},
  url = {http://arxiv.org/abs/2112.14168},
  urldate = {2025-05-13},
  archiveprefix = {arXiv},
  langid = {english},
  keywords = {Computer Science - Computation and Language,Computer Science - Computers and Society},
  file = {/Users/khali/Zotero/storage/F9ZEUDCP/Stanczak and Augenstein - 2021 - A Survey on Gender Bias in Natural Language Processing.pdf}
}

@misc{stanovskyEvaluatingGenderBias2019,
  title = {Evaluating {{Gender Bias}} in {{Machine Translation}}},
  author = {Stanovsky, Gabriel and Smith, Noah A. and Zettlemoyer, Luke},
  year = {2019},
  number = {arXiv:1906.00591},
  eprint = {1906.00591},
  primaryclass = {cs},
  publisher = {arXiv},
  doi = {10.48550/arXiv.1906.00591},
  url = {http://arxiv.org/abs/1906.00591},
  urldate = {2025-04-03},
  archiveprefix = {arXiv},
  langid = {english},
  keywords = {Computer Science - Computation and Language},
  file = {/Users/khali/Zotero/storage/GNSTFCIL/Stanovsky et al. - 2019 - Evaluating Gender Bias in Machine Translation.pdf}
}

@misc{stellaDatasetStudyingGender2021,
  title = {A {{Dataset}} for {{Studying Gender Bias}} in {{Translation}}},
  author = {Stella, Romina and Austermann, Anja and Johnson, Melvin and Linch, Michelle and Niu, Mengmeng and Pushkarna, Mahima and Shah, Apu and Webster, Kellie},
  year = {2021},
  url = {https://research.google/blog/a-dataset-for-studying-gender-bias-in-translation/},
  urldate = {2025-04-10},
  langid = {english},
  file = {/Users/khali/Zotero/storage/4E6IHKL2/a-dataset-for-studying-gender-bias-in-translation.html}
}

@misc{tatoebaTatoebaCollectionSentences2025,
  title = {Tatoeba: {{Collection}} of Sentences and Translations},
  author = {{Tatoeba}},
  year = {2025},
  url = {https://tatoeba.org/en},
  urldate = {2025-07-23},
  file = {/Users/khali/Zotero/storage/JTB3HUAD/en.html}
}

@misc{thompsonShockingAmountWeb2024,
  title = {A {{Shocking Amount}} of the {{Web}} Is {{Machine Translated}}: {{Insights}} from {{Multi-Way Parallelism}}},
  shorttitle = {A {{Shocking Amount}} of the {{Web}} Is {{Machine Translated}}},
  author = {Thompson, Brian and Dhaliwal, Mehak Preet and Frisch, Peter and Domhan, Tobias and Federico, Marcello},
  year = {2024},
  month = jun,
  number = {arXiv:2401.05749},
  eprint = {2401.05749},
  primaryclass = {cs},
  publisher = {arXiv},
  doi = {10.48550/arXiv.2401.05749},
  url = {http://arxiv.org/abs/2401.05749},
  urldate = {2025-05-23},
  archiveprefix = {arXiv},
  keywords = {Computer Science - Artificial Intelligence,Computer Science - Computation and Language},
  file = {/Users/khali/Zotero/storage/6T4RYL32/Thompson et al. - 2024 - A Shocking Amount of the Web is Machine Translated Insights from Multi-Way Parallelism.pdf;/Users/khali/Zotero/storage/BP58I6ED/2401.html}
}

@article{tiedemannOPUSMTBuildingOpen2020,
  title = {{{OPUS-MT}} -- {{Building}} Open Translation Services for the {{World}}},
  author = {Tiedemann, Jorg and Thottingal, Santhosh},
  year = {2020},
  journal = {European Association for Machine Translation},
  volume = {Proceedings of the 22nd Annual Conference of the European Association for Machine Translation},
  pages = {479--480},
  url = {https://aclanthology.org/2020.eamt-1.61/},
  langid = {english},
  file = {/Users/khali/Zotero/storage/63AA5VDK/Tiedemann and Thottingal - OPUS-MT ‚Äì Building open translation services for the World.pdf}
}

@article{tomalinPracticalEthicsBias2021,
  title = {The Practical Ethics of Bias Reduction in Machine Translation: Why Domain Adaptation Is Better than Data Debiasing},
  shorttitle = {The Practical Ethics of Bias Reduction in Machine Translation},
  author = {Tomalin, Marcus and Byrne, Bill and Concannon, Shauna and Saunders, Danielle and Ullmann, Stefanie},
  year = {2021},
  month = sep,
  journal = {Ethics and Information Technology},
  volume = {23},
  number = {3},
  pages = {419--433},
  issn = {1388-1957, 1572-8439},
  doi = {10.1007/s10676-021-09583-1},
  url = {https://link.springer.com/10.1007/s10676-021-09583-1},
  urldate = {2025-06-20},
  langid = {english},
  file = {/Users/khali/Zotero/storage/4RDJY2LH/Tomalin et al. - 2021 - The practical ethics of bias reduction in machine translation why domain adaptation is better than.pdf}
}

@incollection{ullmannGenderBiasMachine2022,
  title = {Gender {{Bias}} in {{Machine Translation Systems}}},
  booktitle = {Artificial {{Intelligence}} and {{Its Discontents}}},
  author = {Ullmann, Stefanie},
  editor = {Hanemaayer, Ariane},
  year = {2022},
  pages = {123--144},
  publisher = {Springer International Publishing},
  address = {Cham},
  doi = {10.1007/978-3-030-88615-8_7},
  url = {https://link.springer.com/10.1007/978-3-030-88615-8_7},
  urldate = {2025-05-16},
  isbn = {978-3-030-88614-1 978-3-030-88615-8},
  langid = {english},
  file = {/Users/khali/Zotero/storage/2CJDXUME/Ullmann - 2022 - Gender Bias in Machine Translation Systems.pdf}
}

@misc{unitednationsAchieveGenderEquality2023,
  title = {Achieve {{Gender Equality And Empower All Women}} and {{Girls}}},
  author = {{United Nations}},
  year = {2023},
  url = {https://sdgs.un.org/goals/goal5},
  urldate = {2025-05-28},
  file = {/Users/khali/Zotero/storage/K8LZ2XM3/goal5.html}
}

@article{waldendorfWordsChangeIncrease2024,
  title = {Words of Change: {{The}} Increase of Gender-Inclusive Language in {{German}} Media},
  shorttitle = {Words of Change},
  author = {Waldendorf, Anica},
  year = {2024},
  month = apr,
  journal = {European Sociological Review},
  volume = {40},
  number = {2},
  pages = {357--374},
  issn = {0266-7215},
  doi = {10.1093/esr/jcad044},
  url = {https://doi.org/10.1093/esr/jcad044},
  urldate = {2025-06-08},
  file = {/Users/khali/Zotero/storage/Z6NC8CQG/Waldendorf - 2024 - Words of change The increase of gender-inclusive language in German media.pdf;/Users/khali/Zotero/storage/WWHVZ7QI/7275733.html}
}

@inproceedings{wuBetoBentzBecas2019,
  title = {Beto, {{Bentz}}, {{Becas}}: {{The Surprising Cross-Lingual Effectiveness}} of {{BERT}}},
  shorttitle = {Beto, {{Bentz}}, {{Becas}}},
  booktitle = {Proceedings of the 2019 {{Conference}} on {{Empirical Methods}} in {{Natural Language Processing}} and the 9th {{International Joint Conference}} on {{Natural Language Processing}} ({{EMNLP-IJCNLP}})},
  author = {Wu, Shijie and Dredze, Mark},
  editor = {Inui, Kentaro and Jiang, Jing and Ng, Vincent and Wan, Xiaojun},
  year = {2019},
  month = nov,
  pages = {833--844},
  publisher = {Association for Computational Linguistics},
  address = {Hong Kong, China},
  doi = {10.18653/v1/D19-1077},
  url = {https://aclanthology.org/D19-1077/},
  urldate = {2025-07-27},
  file = {/Users/khali/Zotero/storage/JS6UCAK9/Wu and Dredze - 2019 - Beto, Bentz, Becas The Surprising Cross-Lingual Effectiveness of BERT.pdf}
}

@misc{wuGooglesNeuralMachine2016,
  title = {Google's {{Neural Machine Translation System}}: {{Bridging}} the {{Gap}} between {{Human}} and {{Machine Translation}}},
  shorttitle = {Google's {{Neural Machine Translation System}}},
  author = {Wu, Yonghui and Schuster, Mike and Chen, Zhifeng and Le, Quoc V. and Norouzi, Mohammad and Macherey, Wolfgang and Krikun, Maxim and Cao, Yuan and Gao, Qin and Macherey, Klaus and Klingner, Jeff and Shah, Apurva and Johnson, Melvin and Liu, Xiaobing and Kaiser, {\L}ukasz and Gouws, Stephan and Kato, Yoshikiyo and Kudo, Taku and Kazawa, Hideto and Stevens, Keith and Kurian, George and Patil, Nishant and Wang, Wei and Young, Cliff and Smith, Jason and Riesa, Jason and Rudnick, Alex and Vinyals, Oriol and Corrado, Greg and Hughes, Macduff and Dean, Jeffrey},
  year = {2016},
  month = oct,
  number = {arXiv:1609.08144},
  eprint = {1609.08144},
  primaryclass = {cs},
  publisher = {arXiv},
  doi = {10.48550/arXiv.1609.08144},
  url = {http://arxiv.org/abs/1609.08144},
  urldate = {2025-06-29},
  archiveprefix = {arXiv},
  keywords = {Computer Science - Artificial Intelligence,Computer Science - Computation and Language,Computer Science - Machine Learning},
  file = {/Users/khali/Zotero/storage/KAYLETGF/Wu et al. - 2016 - Google's Neural Machine Translation System Bridging the Gap between Human and Machine Translation.pdf;/Users/khali/Zotero/storage/ZEF6B6QF/1609.html}
}

@misc{xiaoIntroductionTransformersNLP2023,
  title = {Introduction to {{Transformers}}: An {{NLP Perspective}}},
  shorttitle = {Introduction to {{Transformers}}},
  author = {Xiao, Tong and Zhu, Jingbo},
  year = {2023},
  month = nov,
  number = {arXiv:2311.17633},
  eprint = {2311.17633},
  primaryclass = {cs},
  publisher = {arXiv},
  doi = {10.48550/arXiv.2311.17633},
  url = {http://arxiv.org/abs/2311.17633},
  urldate = {2025-07-10},
  archiveprefix = {arXiv},
  keywords = {Computer Science - Artificial Intelligence,Computer Science - Computation and Language,Computer Science - Machine Learning},
  file = {/Users/khali/Zotero/storage/6DQIX6M9/Xiao and Zhu - 2023 - Introduction to Transformers an NLP Perspective.pdf;/Users/khali/Zotero/storage/3PG57A39/2311.html}
}
